@online{a1,
url = {https://moodle.tu-dortmund.de/pluginfile.php/1930999/mod_resource/content/2/V504.pdf},
urldate = {2022-05-10},
title = {Thermische Elektronenemission},
author = {TU Dortmund},
year = {2022},
}

@online{a2,
url = {https://public.wsu.edu/~pchemlab/documents/Work-functionvalues.pdf},
urldate = {2022-05-16},
title = {Electron Work Function Of The Elements},
author = {},
year = {2022},
}