@online{aa1,
url = {https://moodle.tu-dortmund.de/pluginfile.php/1716951/mod_resource/content/2/V106.pdf},
urldate = {2021-12-03},
title = {gekoppelte Pendel},
author = {TU Dortmund},
year = {2021},
}