@online{a1,
url = {https://moodle.tu-dortmund.de/pluginfile.php/1977199/mod_resource/content/2/US2.pdf},
urldate = {2022-04-12},
title = {Scanverfahren in der Ultraschalltechnik},
author = {TU Dortmund},
year = {2022},
}

@online{a2,
url = {https://www.olympus-ims.com/de/ndt-tutorials/thickness-gauge/appendices-velocities/},
urldate = {2022-04-13},
title = {Schallgeschwindigkeit im Material},
author = {Evident},
year = {2022},
}

@online{a3,
url = {https://www.schweizer-fn.de/stoff/akustik/schallgeschwindigkeit.php},
urldate = {2022-04-13},
title = {Schallgeschwindigkeit verschiedener Stoffe},
author = {Schweizer-fn},
year = {2022},
}