@online{a1,
url = {https://moodle.tu-dortmund.de/pluginfile.php/1977198/mod_resource/content/3/US1.pdf},
urldate = {2022-06-14},
title = {US1: Grundlagen der Ultraschalltechnik},
author = {TU Dortmund},
year = {2022},
}

@online{a2,
url = {https://qnap.e3.physik.tu-dortmund.de/suter/Vorlesung/MedizinphysikII_15/14_Ultraschall.pdf},
urldate = {2022-06-14},
title = {},
author = {TU Dortmund},
year = {2022},
}

@online{a3,
url = {https://www.olympus-ims.com/de/ndt-tutorials/thickness-gauge/appendices-velocities/},
urldate = {2022-06-14},
title = {Schallgeschwindigkeit im Material},
author = {Evident},
year = {2022},
}
