@online{a1,
url = {https://moodle.tu-dortmund.de/pluginfile.php/1716956/mod_resource/content/1/V353.pdf},
urldate = {2022-01-14},
title = {Das Relaxationsverhalten eines RC-Kreises},
author = {TU Dortmund},
year = {2021},
}