@online{a1,
url = {https://moodle.tu-dortmund.de/pluginfile.php/1977207/mod_resource/content/3/V704.pdf},
urldate = {2022-05-30},
title = {Absorption von Gamma- und Beta-Strahlung},
author = {TU Dortmnd},
year = {2022},
}