@online{a1,
url = {https://moodle.tu-dortmund.de/pluginfile.php/1977200/mod_resource/content/2/US3.pdf},
urldate = {2022-04-06},
title = {US3: Doppler-Sonographie},
author = {TU Dortmund},
year = {2022},
}