@online{GedUErzSch,
url = {https://moodle.tu-dortmund.de/pluginfile.php/1716957/mod_resource/content/1/V354.pdf},
urldate = {2021-11-23},
title = {ged√§mpfte und Erzwungene Schwingungen},
author = {TU Dortmund},
year = {2021},
}

@online{rohde,
url = {https://cdn.rohde-schwarz.com/hameg-archive/HM205-3_deutsch.pdf},
urldate = {2021-11-25},
title = {Oscilloscope HM205-3},
author = {Hameg},
year = {2021},
}