@online{a1,
url = {https://moodle.tu-dortmund.de/pluginfile.php/1977204/mod_resource/content/2/V703.pdf},
urldate = {2022-06-07},
title = {Das Geiger-Müller-Zählrohr},
author = {TU Dortmund},
year = {2022},
}