@online{a1,
url = {https://moodle.tu-dortmund.de/pluginfile.php/1977190/mod_resource/content/1/V503.pdf},
urldate = {2022-05-09},
title = {Der Millikan-Öltröpfchenversuch},
author = {TU Dortmund},
year = {2022},
}

@online{a2,
url = {https://physics.nist.gov/cgi-bin/cuu/Value?na},
urldate = {2022-05-09},
title = {Avogadro constant},
author = {The NIST Reference on Constants, Units and Uncertainty},
year = {2022},
}

@online{a3,
url = {https://physics.nist.gov/cgi-bin/cuu/Value?e},
urldate = {2022-05-09},
title = {elementary charge},
author = {The NIST Reference on Constants, Units and Uncertainty},
year = {2022},
}

@online{a4,
url = {https://physics.nist.gov/cgi-bin/cuu/Value?f},
urldate = {2022-05-09},
title = {Faraday constant},
author = {The NIST Reference on Constants, Units and Uncertainty},
year = {2022},
}