@online{a1,
url = {https://moodle.tu-dortmund.de/pluginfile.php/1716954/mod_resource/content/1/V302.pdf},
urldate = {2021-12-16},
title = {Elektrische Br√ºckenschaItungen},
author = {TU Dortmund},
year = {2021},
}