@online{a1,
url = {https://moodle.tu-dortmund.de/pluginfile.php/1931000/mod_resource/content/2/V601.pdf},
urldate = {2022-06-20},
title = {Der Franck-Hertz-Versuch},
author = {TU Dortmund},
year = {2022},
}

@online{a2,
url = {https://lp.uni-goettingen.de/get/text/1612},
urldate = {2022-06-24},
title = {Der Franck-Hertz-Versuch},
author = {Georg-Auguts-Universität Göttingen},
year = {2022},
}