@online{a1,
url = {https://moodle.tu-dortmund.de/pluginfile.php/1930995/mod_resource/content/2/V401.pdf},
urldate = {2022-05-17},
title = {Das Michelson-Interferometer1 },
author = {TU Dortmund},
year = {2022},
}

@online{a2,
url = {https://refractiveindex.info/?shelf=other&book=air&page=Ciddor},
urldate = {2022-05-17},
title = {},
author = {RefractiveIndex.INFO},
year = {2022},
}