@online{a1,
url = {https://moodle.tu-dortmund.de/pluginfile.php/1977196/mod_resource/content/4/V602.pdf},
urldate = {2022-04-19},
title = {Röntgenemission und -absorption},
author = {TU Dortmund},
year = {2022},
}

@online{a2,
url = {https://wissen.science-and-fun.de/tabellen-fur-spektroskopiker/wellenlaengen-und-anregungsenergien-von-k-und-l-absorptionskanten/},
urldate = {2022-04-19},
title = {Wellenlängen und Anregungsenergien von K- und L- Absorptionskanten},
author = {},
year = {2022},
}

@online{a3,
url = {http://www.grossberger.net/atomphysik/moseley1.html},
urldate = {2022-04-19},
title = {Röntgenfluoreszenz, Moseley-Gesetz},
author = {Grossberger},
year = {2022},
}