@online{a1,
url = {https://moodle.tu-dortmund.de/pluginfile.php/1716952/mod_resource/content/1/V203.pdf},
urldate = {2022-01-21},
title = {Verdampfungsw√§rme und Dampfdruck-Kurve},
author = {TU Dortmund},
year = {2021},
}

@online{a2,
url = {https://www.chemie.de/lexikon/Wasser_%28Stoffdaten%29.html},
urldate = {2022-01-27},
title = {Wasser (Stoffdaten)},
author = {Chemie.de},
year = {2022},
}