@online{a1,
url = {https://moodle.tu-dortmund.de/pluginfile.php/1931001/mod_resource/content/1/V606.pdf},
urldate = {2022-04-26},
title = {Messung der Suszeptibilit√§t paramagnetischer Substanzen},
author = {TU Dortmund},
year = {2022},
}