@online{a1,
url = {https://moodle.tu-dortmund.de/mod/folder/view.php?id=1089071},
urldate = {2022-01-21},
title = {Compton-Effekt},
author = {TU Dortmund},
year = {2022},
}

@online{a2,
url = {http://www.phywe-ru.com/index.php/fuseaction/download/lrn_file/versuchsanleitungen/P2540101/d/p2540101d.pdf},
urldate = {2022-01-30},
title = {Charakteristische RÃ¶ntgenstrahlung von Kupfer},
author = {PHYWE},
year = {2022},
}

@online{a3,
url = {http://www.ieap.uni-kiel.de/surface/ag-berndt/lehre/aprakt/teil-1/compton.pdf},
urldate = {2022-01-30},
title = {3.2 Compton-Effekt},
author = {unkown},
year = {2022},
}