@online{aa1,
url = {https://moodle.tu-dortmund.de/pluginfile.php/1884626/mod_resource/content/1/V101.pdf},
urldate = {2021-12-02},
title = {Das Tr√§gheitsmoment},
author = {TU Dortmund},
year = {2021},
}