@online{a1,
url = {https://moodle.tu-dortmund.de/pluginfile.php/1716953/mod_resource/content/1/V204.pdf},
urldate = {2021-12-10},
title = {Wärmeleitung von Metallen},
author = {TU Dortmund},
year = {2021},
}

@online{a2,
url = {https://www.chemie.de/lexikon/Eigenschaften_des_Wassers.html},
urldate = {2021-12-10},
title = {Eigenschaften des Wassers},
author = {Chemie.de},
year = {2021},
}

@online{a3,
url = {https://www.chemie.de/lexikon/W%C3%A4rmeleitf%C3%A4higkeit.html},
urldate = {2021-12-10},
title = {Wärmeleitfähigkeit},
author = {Chemie.de},
year = {2021},
}

@online{a4,
url = {https://www.chemie.de/lexikon/Spezifische_W%C3%A4rmekapazit%C3%A4t.html},
urldate = {2021-12-10},
title = {Spezifische Wärmekapazität},
author = {Chemie.de},
year = {2021},
}

@online{a5,
url = {https://www.stahlportal.com/lagervorrat/14301-x5crni18-10/},
urldate = {2021-12-11},
title = {1.4301 (X5CrNi18-10) Datenblatt},
author = {Stahlhandel Gröditz GmbH},
year = {2021},
}

@online{a6,
url = {https://www.chemie.de/lexikon/Messing.html},
urldate = {2021-12-11},
title = {Messing},
author = {Chemie.de},
year = {2021},
}

@online{a7,
url = {https://www.chemie.de/lexikon/Aluminium.html},
urldate = {2021-12-11},
title = {Aluminium},
author = {Chemie.de},
year = {2021},
}