@online{a1,
url = {https://moodle.tu-dortmund.de/pluginfile.php/1930994/mod_resource/content/5/V400.pdf},
urldate = {2022-05-24},
title = {V400 Reflexion, Brechung und Beugung},
author = {TU Dortmund},
year = {2022},
}

@online{a2,
url = {https://refractiveindex.info/},
urldate = {2022-05-24},
title = {},
author = {RefractiveIndex},
year = {2022},
}